@article{maguire2010erp,
  title={ERP implementation in Omantel: a case study},
  author={Maguire, Stuart and Ojiako, Udechukwu and Said, Al},
  journal={Industrial Management \& Data Systems},
  year={2010},
  publisher={Emerald Group Publishing Limited}
}
@article{barker2003erp,
  title={ERP implementation failure: A case study},
  author={Barker, Traci and Frolick, Mark N},
  journal={Information systems management},
  volume={20},
  number={4},
  pages={43--49},
  year={2003},
  publisher={Taylor \& Francis}
}
@article{frazee2012erp,
  title={ERP implementation for corporate growth and sustainability},
  author={Frazee, Kirk and Khan, M Riaz},
  journal={International Journal of Business and Social Science},
  volume={3},
  number={3},
  year={2012},
  publisher={Centre for Promoting Ideas, USA}
}
@article{niedeggen2014there,
  title={Are there benefits of social overinclusion? Behavioral and ERP effects in the Cyberball paradigm},
  author={Niedeggen, Michael and Sarauli, Natia and Cacciola, Santi and Weschke, Sarah},
  journal={Frontiers in Human Neuroscience},
  volume={8},
  pages={935},
  year={2014},
  publisher={Frontiers}
}
@article{lai2016technology,
  title={Technology evaluation and imitation: do they have differential or dichotomous effects on ERP adoption and assimilation in China?},
  author={Lai, Vincent Siuking and Lai, Fujun and Lowry, Paul Benjamin},
  journal={Journal of Management Information Systems},
  volume={33},
  number={4},
  pages={1209--1251},
  year={2016},
  publisher={Taylor \& Francis}
}
@inproceedings{chiu2003three,
  title={A three-layer architecture for e-contract enforcement in an e-service environment},
  author={Chiu, Dickson KW and Cheung, Shing-Chi and Till, Sven},
  booktitle={36th Annual Hawaii International Conference on System Sciences, 2003. Proceedings of the},
  pages={10--pp},
  year={2003},
  organization={IEEE}
}